% Encoding: UTF-8

@TechReport{VDI2230_1,
  title       = {Systematic calculation of highly stressed bolted joints - Joints with one cylindrical bolt},
  institution = {VDI - Verein Deutscher Ingenieure},
  year        = {2015},
  type        = {VDI Guideline},
  number      = {VDI2230 Part 1},
  month       = nov,
}

@TechReport{ECSS_HB_32_23A,
  title       = {Space engineering - Threaded fasteners handbook},
  institution = {ECSS European Cooperation for Space Standardization},
  year        = {2010},
  type        = {ECSS Handbook},
  number      = {ECSS-E-HB-32-23A},
  month       = {16 April},
}

@TechReport{ESAPSS,
  title       = {Guidelines for threaded fasteners},
  institution = {Structures and Mechanism Division ESTEC},
  year        = {1989},
  type        = {ESA Guideline},
  number      = {ESA PSS-03-208 Issue 1},
  month       = dec,
}

@Comment{jabref-meta: databaseType:bibtex;}
